@book{peterson2012playing,
  author    = {Peterson, Jon},
  title     = {Playing at the World: A History of Simulating Wars, People and Fantastic Adventures, from Chess to Role-Playing Games},
  publisher = {Unreason Press},
  year      = {2012},
  address   = {San Diego, CA},
}

@misc{datacamp_cnn,
  author = {DataCamp},
  title = {Introdução às redes neurais convolucionais (CNNs)},
  year = {2023},
  howpublished = {\url{https://www.datacamp.com/pt/tutorial/introduction-to-convolutional-neural-networks-cnns}},
  note = {Acesso em: 25 maio 2025}
}

@article{lecun1998gradient,
  author = {LeCun, Yann and Bottou, Léon and Bengio, Yoshua and Haffner, Patrick},
  title = {Gradient-based learning applied to document recognition},
  journal = {Proceedings of the IEEE},
  volume = {86},
  number = {11},
  pages = {2278--2324},
  year = {1998},
  publisher = {IEEE}
}
@misc{ibm_cnn,
  author = {IBM},
  title = {O que são redes neurais convolucionais?},
  year = {2024},
  howpublished = {\url{https://www.ibm.com/br-pt/think/topics/convolutional-neural-networks}},
  note = {Acesso em: 25 maio 2025}
}
@book{goodfellow2016deep,
  author = {Goodfellow, Ian and Bengio, Yoshua and Courville, Aaron},
  title = {Deep Learning},
  publisher = {MIT Press},
  year = {2016},
  address = {Cambridge, MA},
  note = {Tradução recomendada: Aprendizado profundo. Editora Elsevier, 2018.}
}

@article{hitchens2007roleplaying,
  author = {Hitchens, Michael and Drachen, Anders},
  title = {The many faces of role-playing games},
  journal = {International Journal of Role-Playing},
  volume = {1},
  pages = {3--21},
  year = {2007},
  publisher = {International Journal of Role-Playing}
}
@book{szeliski2010computer,
  author = {Szeliski, Richard},
  title = {Computer Vision: Algorithms and Applications},
  publisher = {Springer},
  year = {2010},
  address = {London}
}
@book{bishop2006pattern,
  author = {Bishop, Christopher M.},
  title = {Pattern Recognition and Machine Learning},
  publisher = {Springer},
  year = {2006},
  address = {New York}
}

@article{zagal2017role,
  author = {Zagal, José P. and Deterding, Sebastian},
  title = {Role-Playing Game Studies: Transmedia Foundations},
  journal = {Routledge},
  year = {2017}
}
@book{witwer2018,
  author    = {Michael Witwer and et al.},
  title     = {Dungeons \& Dragons Art \& Arcana: A Visual History},
  year      = {2018},
  publisher = {Ten Speed Press},
  address   = {New York},
  isbn      = {9780399580949}
}
@online{correa2021,
  author    = {Gabriel Correa},
  title     = {RPG e Covid-19: reinventando o lazer entre amigos na pandemia},
  year      = {2021},
  url       = {https://brasil.uxdesign.cc/rpg-e-covid-19-reinventando-o-lazer-entre-amigos-na-pandemia-d780f3eb2366},
  note      = {Acessado em: 18 maio 2025}
}
@phdthesis{vieira2019,
  author    = {Danilo Mendes Vieira},
  title     = {A experiência do jogador de RPG: um estudo sobre a imersão na narrativa ficcional},
  school    = {Universidade de São Paulo},
  year      = {2019},
  address   = {São Paulo},
  url       = {https://www.teses.usp.br/teses/disponiveis/81/81131/tde-16062020-150417/publico/Danilo_Mendes_Vieira.pdf},
  note      = {Acessado em: 06 abr. 2025}
}
@inproceedings{peixoto_albuquerque_2018,
  author    = {Cláudio Peixoto Filho and Rafael Albuquerque},
  title     = {Uma análise da história dos RPGs (Role-Playing Games) de mesa brasileiros},
  booktitle = {Anais do Simpósio Brasileiro de Jogos e Entretenimento Digital (SBGames)},
  year      = {2018},
  pages     = {1--4},
  publisher = {Sociedade Brasileira de Computação},
  address   = {Foz do Iguaçu, PR, Brasil},
  url       = {https://www.sbgames.org/sbgames2018/files/papers/IndustriaShort/188137.pdf}
}
@article{ghiglieno2025geradores,
  author  = {Ghiglieno, João and Roncaratti, Marcos and Silva, Ana Clara and Souza, Pedro Henrique},
  title   = {Geradores de números aleatórios: da pseudoaleatoriedade à verdadeira aleatoriedade na era da segunda revolução quântica},
  journal = {Revista Brasileira de Ensino de Física},
  year    = {2025},
  volume  = {47},
  number  = {1},
  pages   = {e20250469},
  doi     = {10.1590/1806-9126-RBEF-2024-0469},
  url     = {https://www.scielo.br/j/rbef/a/FwpdFPyszdS69BYVkJFNXkR/?lang=pt},
  language= {pt-BR},
  note    = {Acesso em: 6 jun. 2025}
}
@techreport{wimsatt2021dice,
  title={Using Machine Learning to Interpret Dice Rolls},
  author={Wimsatt, Hunter and Panzade, Aarohi and Shankar, Kaaustaaub and Campbell, C. Warren},
  institution={Western Kentucky University},
  year={2021},
  number={5},
  note={SEAS Faculty Publications},
  url={https://digitalcommons.wku.edu/seas_faculty_pubs/5}
}